%************************************************
% BIBLIOGRAPHY
%************************************************

@article{NEJM:epilepsy,
    author   = "Chang, B.S. and Lowenstein D.H.",
    month    = "September",
    year     = "2003",
    title    = "Epilepsy",
    journal  = "The New England Journal of Medicine",
    volume   = "349",
    number   = "13",
    pages    = "1257-66",
    doi      = "10.1056/NEJMra022308",
    note     = "PMID: 14507951"
}

@article{Epilepsia:epilepsy,
    author   = "Fisher, R.S. and others",
    month    = "April",
    year     = "2014",
    title    = "ILAE official report: a practical clinical definition of epilepsy",
    journal  = "Epilepsia",
    volume   = "55",
    number   = "4",
    pages    = "475-82",
    doi      = "10.1111/epi.12550",
    note     = "PMID: 24730690"
}

@misc{WHO:epilepsy,
    author    = "World Health Organization (WHO)",
    title     = "Epilepsy",
    month     = "February",
    year      = "2018",
    url       = "http://www.who.int/news-room/fact-sheets/detail/epilepsy",
    note      = "[Online; accessed 1-November-2018]"
}

@book{Hpim:seizuresandepilepsy,
    author    = "Longo, D.L.",
    year      = "2012",
    title     = "369 Seizures and Epilepsy - Harrison's principles of internal medicine",
    edition   = "18th",
    publisher = "McGraw-Hill",
    isbn      = "978-0-07-174887-2"
}

@article{ERN:treatmentofepilepsy,
    author   = "Eadie, M.J.",
    month    = "December",
    year     = "2012",
    title    = "Shortcomings in the current treatment of epilepsy",
    journal  = "Expert Review of Neurotherapeutics",
    volume   = "12",
    number   = "12",
    pages    = "1419-27",
    doi      = "10.1586/ern.12.129",
    note     = "PMID: 23237349"
}

@article{Epilepsia:DRE,
    author   = "Kwan, Patrick and others",
    month    = "June 1st",
    year     = "2010",
    title    = "Definition of drug resistant epilepsy: Consensus proposal by the ad hoc Task Force of the ILAE Commission on Therapeutic Strategies",
    journal  = "Epilepsia",
    volume   = "51",
    number   = "6",
    pages    = "1069-1077",
    doi      = "10.1111/j.1528-1167.2009.02397.x",
    issn     = "1528-1167",
    note     = "PMID: 19889013"
}

@article{NEJM:DRE,
    author   = "Kwan, Patrick and Brodie, Martin J.",
    month    = "February 3rd",
    year     = "2000",
    title    = "Early Identification of Refractory Epilepsy",
    journal  = "The New England Journal of Medicine",
    volume   = "342",
    number   = "5",
    pages    = "314-319",
    doi      = "10.1056/NEJM200002033420503",
    issn     = "0028-4793",
    note     = "PMID: 10660394"
}

@book{McGraw:ml,
    author    = "Mitchell, T.",
    year      = "1997",
    title     = "Machine Learning",
    publisher = "McGraw-Hill",
    isbn      = "978-0-07-042807-2"
}

@book{Springer:patternrecognitionandml,
    author    = "Cristopher, M. Bishop",
    year      = "2006",
    title     = "Pattern Recognition and Machine Learning",
    publisher = "Springer",
    isbn      = "978-0-387-31073-2"
}

@misc{emerj:MLhealthcareapplication,
    author    = "Emerj",
    title     = "Machine Learning Healthcare Applications – 2018 and Beyond",
    month     = "February",
    year      = "2019",
    url       = "https://emerj.com/ai-sector-overviews/machine-learning-healthcare-applications",
    note      = "[Online; accessed 7-March-2019]"
}

@misc{arXiv:medicalimg,
    author = "Muhammad, Imran Razzak and Saeeda, Naz and Ahmad, Zaib",
    title  = "Deep Learning for Medical Image Processing: Overview, Challenges and Future",
    month  = "April",
    year   = "2017",
    url    = "https://arxiv.org/abs/1704.06825",
    note   = "arXiv:1704.06825 [cs.CV]"
}

@article{NCBI:treatmentsuggestion,
    author   = "Jeremy, Weiss and others",
    month    = "November",
    year     = "2015",
    title    = "Machine Learning for Treatment Assignment: Improving Individualized Risk Attribution",
    journal  = "AMIA Annu Symp Proc.",
    volume   = "",
    number   = "",
    pages    = "1306-1315",
    doi      = "",
    note     = "PMID: 26958271"
}

@article{ScienceDirect:drugdiscovery,
    author   = "Hongming, Chen and others",
    month    = "June",
    year     = "2018",
    title    = "The rise of deep learning in drug discovery",
    journal  = "Drug Discovery Today",
    volume   = "23",
    number   = "6",
    pages    = "1241-1250",
    doi      = "10.1016/j.drudis.2018.01.039",
    note     = ""
}

@article{ResearchGate:roboticsurgery,
    author   = {Panesar, Sandip and others},
    year     = {2019},
    month    = {March},
    pages    = {},
    title    = {Artificial Intelligence and the Future of Surgical Robotics},
    volume   = {Publish Ahead of Print},
    journal  = {Annals of surgery},
    doi      = {10.1097/SLA.0000000000003262}
}

@article{NCBI:Neurostimulation,
    author   = "Gregory, K. Bergey",
    month    = "June",
    year     = "2013",
    title    = "Neurostimulation in the treatment of epilepsy",
    journal  = "Experimental Neurology",
    volume   = "244",
    number   = "",
    pages    = "87-95",
    doi      = "10.1016/j.expneurol.2013.04.004",
    note     = "PMID: 23583414"
}

@misc{EF:Neurostimulation,
    author    = "Epilepsy Foundation",
    title     = "Neurostimulation in the Treatment of Epilepsy",
    month     = "May 31st",
    year      = "2017",
    url       = "https://www.epilepsy.com/article/2017/5/neurostimulation-treatment-epilepsy",
    note      = "[Online; accessed 25-April-2019]"
}

@article{LancetNeurol:Seizurelikelihood,
    author   = "Cook, M.J. and O'Brien, T.J. and Berkovic, S.F. and others",
    month    = "June",
    year     = "2013",
    title    = "Prediction of seizure likelihood with a long-term, implanted seizure advisory system in patients with drug-resistant epilepsy: a first-in-man study",
    journal  = "The Lancet Neurology",
    volume   = "12",
    number   = "6",
    pages    = "563-571",
    doi      = "10.1016/S1474-4422(13)70075-9",
    note     = ""
}

@article{CurrOpinNeurol:Preseizure,
    author   = "Litt, B. and Lehnertz, K.",
    month    = "April",
    year     = "2002",
    title    = "Seizure prediction and the preseizure period",
    journal  = "Curr Opin Neurol.",
    volume   = "15",
    number   = "2",
    pages    = "173-177",
    doi      = "",
    note     = "PMID: 11923631"
}

@article{Brain:Longroad,
    author   = "Florian, Mormann and Ralph, G. Andrzejak and Christian, E. Elger and Klaus, Lehnertz",
    month    = "",
    year     = "2007",
    title    = "Seizure prediction: the long and winding road",
    journal  = "Brain",
    volume   = "130",
    number   = "",
    pages    = " 314-333",
    doi      = "10.1093/brain/awl241",
    note     = ""
}

@article{JClinNeurophysiol:stateoftheart,
    author   = "Lehnertz, K. and Mormann, F. and Osterhage, H. and others",
    month    = "May",
    year     = "2007",
    title    = "State-of-the-Art of Seizure Prediction",
    journal  = "J Clin Neurophysiol",
    volume   = "24",
    number   = "",
    pages    = " 147-153",
    doi      = "10.1097/WNP.0b013e3180336f16",
    note     = ""
}

@article{IEEE:nonlineareeg,
    author   = "Lehnertz, K. and Mormann, F. and Kreuz, T. and others",
    month    = "April",
    year     = "2003",
    title    = "Seizure Prediction By Nonlinear EEG Analysis",
    journal  = "IEEE Engineering in Medicine and Biology Magazine",
    volume   = "22",
    number   = "1",
    pages    = "57-63",
    doi      = "10.1109/MEMB.2003.1191451",
    note     = ""
}

@article{ClinicalNeurophysiology:chance,
    author   = "Ralph, G. Andrzejak and Daniel, Chicharro and Christian, E. Elger and Florian, Mormann",
    month    = "August",
    year     = "2009",
    title    = "Seizure prediction: Any better than chance?",
    journal  = "Clinical Neurophysiology",
    volume   = "120",
    number   = "8",
    pages    = "1465-1478",
    doi      = "10.1016/j.clinph.2009.05.019",
    note     = ""
}

@article{NeuroscienceMethod:therapeuticdevices,
    author   = "Kais, Gadhoumi and Jean-Marc, Lina and Florian, Mormann and Jean, Gotman",
    month    = "February",
    year     = "2016",
    title    = "Seizure prediction for therapeutic devices: A review",
    journal  = "Journal of Neuroscience Method",
    volume   = "260",
    number   = "",
    pages    = "270-282",
    doi      = "10.1016/j.jneumeth.2015.06.010",
    note     = ""
}

@misc{arXiv:VLSIBCISystem,
    author = "Zaghloul, Saad Zaghloul and Magdy, Bayoumi",
    title  = "Early Prediction of Epilepsy Seizures VLSI BCI System",
    month  = "June",
    year   = "2019",
    url    = "https://arxiv.org/abs/1906.02894",
    note   = "arXiv:1906.02894 [eess.SP]"
}

@article{ComputMathMethodsMed:mlmethods,
    author   = "Syed Muhammad, Usman and Muhammad, Usman and Simon, Fong",
    month    = "December",
    year     = "2017",
    title    = "Epileptic Seizures Prediction Using Machine Learning Methods",
    journal  = "Comput Math Methods Med.",
    volume   = "",
    number   = "",
    pages    = "",
    doi      = "10.1155/2017/9074759",
    note     = "PMID: 29410700"
}

@article{CurrOpinNeurol:review,
    author   = "Freestone, DR and Karoly, PJ and Cook, MJ",
    month    = "April",
    year     = "2017",
    title    = "A forward-looking review of seizure prediction",
    journal  = "Curr Opin Neurol.",
    volume   = "30",
    number   = "2",
    pages    = "167-173",
    doi      = "10.1097/WCO.0000000000000429",
    note     = "PMID: 28118302"
}

@misc{arXiv:earlyseizuredetection,
    author = "Maria, Hügle and others",
    title  = "Early Seizure Detection with an Energy-Efficient Convolutional Neural Network on an Implantable Microcontroller",
    month  = "June",
    year   = "2018",
    url    = "https://arxiv.org/abs/1806.04549",
    note   = "arXiv:1806.04549 [stat.ML]"
}

@article{IEEE:graphtheory,
    author   = "Tahar, Haddad and others",
    month    = "June",
    year     = "2014",
    title    = "Epilepsy seizure prediction using graph theory",
    journal  = "IEEE",
    volume   = "",
    number   = "",
    pages    = "",
    doi      = "10.1109/NEWCAS.2014.6934040",
    note     = ""
}

@article{NeuralNetworks:cnn,
    author   = "Nhan, DuyTruong and others",
    month    = "September",
    year     = "2018",
    title    = "Convolutional neural networks for seizure prediction using intracranial and scalp electroencephalogram",
    journal  = "Neural Networks",
    volume   = "105",
    number   = "",
    pages    = "104-111",
    doi      = "10.1016/j.neunet.2018.04.018",
    note     = ""
}

@misc{arXiv:quantitativeanalysis,
    author = "Ramy, Hussein and Mohamed, Osama Ahmed and Rabab, Ward and Z., Jane Wang and Levin, Kuhlmann and Yi, Guo",
    title  = "Human Intracranial EEG Quantitative Analysis and Automatic Feature Learning for Epileptic Seizure Prediction",
    month  = "April",
    year   = "2019",
    url    = "https://arxiv.org/abs/1904.03603",
    note   = "arXiv:1904.03603 [cs.NE]"
}

@misc{arXiv:gan,
    author = "Nhan, Duy Truong and Levin, Kuhlmann and Mohammad, Reza Bonyadi and Omid, Kavehei",
    title  = "Semi-supervised Seizure Prediction with Generative Adversarial Networks",
    month  = "June",
    year   = "2018",
    url    = "https://arxiv.org/abs/1806.08235",
    note   = "arXiv:1806.08235 [cs.CV]"
}

@misc{EpilepsySociety:aboutepilepsy,
    author    = "Epilepsy Society",
    title     = "About Epilepsy",
    month     = "January",
    year      = "2017",
    url       = "https://www.epilepsysociety.org.uk/epilepsy#.XRJN-5MzZ24",
    note      = "[Online; accessed 25-June-2019]"
}

@book{OReilly:handsonML,
    author    = "Aurélien, Géron",
    month     = "March",
    year      = "2017",
    title     = "Hands-On Machine Learning with Scikit-Learn and TensorFlow",
    publisher = "O'Reilly Media, Inc.",
    isbn      = "978-1-491-96229-9"
}

@misc{Nvidia:dl,
    author    = "Tim, Dettmers - NVIDIA Developer Blog",
    title     = "Deep Learning in a Nutshell: Core Concepts",
    month     = "November",
    year      = "2015",
    url       = "https://devblogs.nvidia.com/deep-learning-nutshell-core-concepts/",
    note      = "[Online; accessed 16-August-2019]"
}

@misc{arXiv:adam,
    author    = "Diederik, P. Kingma and Jimmy, Ba",
    title     = "Adam: A Method for Stochastic Optimization",
    month     = "December",
    year      = "2014",
    url       = "https://arxiv.org/abs/1412.6980",
    note      = "arXiv:1412.6980 [cs.LG]"
}

@misc{arXiv:optimizers,
    author    = "Sebastian, Ruder",
    title     = "An overview of gradient descent optimization algorithms",
    month     = "September",
    year      = "2016",
    url       = "https://arxiv.org/abs/1609.04747",
    note      = "arXiv:1609.04747 [cs.LG]"
}

@book{OReilly:TFforDL,
    author    = "Reza, Bosagh Zadeh and Bharath, Ramsundar",
    month     = "March",
    year      = "2018",
    title     = "TensorFlow for Deep Learning",
    publisher = "O'Reilly Media, Inc.",
    isbn      = "978-1-491-98044-6"
}

@article{NeuralComputation:lstm,
    author   = "Sepp, Hochreiter and Jürgen, Schmidhuber",
    month    = "November",
    year     = "1997",
    title    = "Long Short-Term Memory",
    journal  = "Neural Computation",
    volume   = "9",
    number   = "8",
    pages    = "1735-1780",
    doi      = "10.1162/neco.1997.9.8.1735",
    issn     = "0899-7667",
    note     = ""
}

@article{NeurobiologyLanguage:functionalconnectivity,
    author   = "Deanna, J.Greene and Christina, N. Lessov-Schlaggar and Bradley, L. Schlaggar",
    month    = "",
    year     = "2015",
    title    = "Chapter 33 - Development of the Brain’s Functional Network Architecture",
    journal  = "Neurobiology of Language",
    volume   = "",
    number   = "33",
    pages    = "399-406",
    doi      = "10.1016/B978-0-12-407794-2.00033-X",
    note     = ""
}

@misc{arXiv:graphstream,
    author    = "Daniele, Grattarola and Daniele, Zambon and Cesare, Alippi and Lorenzo, Livi",
    title     = "Change Detection in Graph Streams by Learning Graph Embeddings on Constant-Curvature Manifolds",
    month     = "April",
    year      = "2019",
    url       = "https://arxiv.org/abs/1805.06299v3",
    note      = "arXiv:1805.06299 [stat.ML]"
}

@misc{arXiv:gcn,
    author    = "Thomas, N. Kipf and Max, Welling",
    title     = "Semi-Supervised Classification with Graph Convolutional Networks",
    month     = "September",
    year      = "2016",
    url       = "https://arxiv.org/abs/1609.02907",
    note      = "arXiv:1609.02907 [cs.LG]"
}

@misc{arXiv:eccn,
    author    = "Martin, Simonovsky and Nikos, Komodakis",
    title     = "Dynamic Edge-Conditioned Filters in Convolutional Neural Networks on Graphs",
    month     = "April",
    year      = "2017",
    url       = "https://arxiv.org/abs/1704.02901",
    note      = "arXiv:1704.02901 [cs.CV]"
}
